<?xml version="1.0" encoding="UTF-8"?><collection xmlns="http://www.loc.gov/MARC21/slim"><record><leader>00329nam--2200133-i-4500</leader><controlfield tag="001">000044758</controlfield><controlfield tag="002">20161230</controlfield><controlfield tag="005">20161230201044</controlfield><controlfield tag="008">060222s1000------------r-----000-0-eng-d</controlfield><datafield ind1=" " ind2=" " tag="080"><subfield code="a">539.4</subfield></datafield><datafield ind1=" " ind2=" " tag="100"><subfield code="a">Timoshenko, S.And Young. D.H</subfield></datafield><datafield ind1=" " ind2=" " tag="245"><subfield code="a">Theorie des constructions</subfield></datafield><datafield ind1=" " ind2=" " tag="260"><subfield code="a">Paris, Mcgraw Hill, 1945, Xvi+552p</subfield></datafield><datafield ind1=" " ind2=" " tag="852"><subfield code="a">736</subfield></datafield></record></collection>